<?xml version="1.0" encoding="UTF-8"?><collection xmlns="http://www.loc.gov/MARC21/slim"><record><leader>00408nam--2200145-i-4500</leader><controlfield tag="001">000035741</controlfield><controlfield tag="002">20161230</controlfield><controlfield tag="005">20170113223019</controlfield><controlfield tag="008">060222s1000------------r-----000-0-eng-d</controlfield><datafield ind1=" " ind2=" " tag="100"><subfield code="a">Nistorescu, Nicolae</subfield></datafield><datafield ind1=" " ind2=" " tag="245"><subfield code="a">Probleme si tendinte privind elaborarea si aplicarea normativelor pe plan international</subfield></datafield><datafield ind1=" " ind2=" " tag="260"><subfield code="a">Bucuresti</subfield><subfield code="b">Inid</subfield><subfield code="c">1985</subfield></datafield><datafield ind1=" " ind2=" " tag="300"><subfield code="a">81 p</subfield></datafield><datafield ind1=" " ind2=" " tag="852"><subfield code="a">74005</subfield></datafield><datafield ind1=" " ind2=" " tag="CAT"><subfield code="a">SYS</subfield><subfield code="c">20170113</subfield><subfield code="h">223019</subfield></datafield></record></collection>